@article {LGO20,
    AUTHOR = {Leedham-Green, C. R. and O'Brien, E. A.},
     TITLE = {Presentations on standard generators for classical groups},
   JOURNAL = {J. Algebra},
  FJOURNAL = {Journal of Algebra},
    VOLUME = {545},
      YEAR = {2020},
     PAGES = {324--389},
       DOI = {10.1016/j.jalgebra.2019.07.024}
}

@article {LGO09,
    AUTHOR = {Leedham-Green, C. R. and O'Brien, E. A.},
     TITLE = {Constructive recognition of classical groups in odd
              characteristic},
   JOURNAL = {J. Algebra},
  FJOURNAL = {Journal of Algebra},
    VOLUME = {322},
      YEAR = {2009},
    NUMBER = {3},
     PAGES = {833--881},
       DOI = {10.1016/j.jalgebra.2009.04.028}
}

@article {DLLGO13,
    AUTHOR = {Dietrich, Heiko and Leedham-Green, C. R. and L\"ubeck, Frank and
              O'Brien, E. A.},
     TITLE = {Constructive recognition of classical groups in even
              characteristic},
   JOURNAL = {J. Algebra},
  FJOURNAL = {Journal of Algebra},
    VOLUME = {391},
      YEAR = {2013},
     PAGES = {227--255},
       DOI = {10.1016/j.jalgebra.2013.04.031}
}

